@misc{q1,
    author = {Alejandro Alcalde},
    title = {StackOverflow},
    howpublished = {\url{http://stackoverflow.com/q/23033416/1612432}}
}